@misc{LNep,
      title={Alexandrov regions}, 
      author={N. Lebedeva and A. Nepechiy},
      year={???},
      note={IN PREPARATION},
}

@misc{AKP,
      title={Alexandrov geometry: preliminary version no. 1}, 
      author={S. Alexander and V. Kapovitch and A. Petrunin},
      year={2019},
      eprint={1903.08539},
      archivePrefix={arXiv},
      primaryClass={math.DG}
}

@article {AKP-buyalo,
    AUTHOR = {Alexander, S. and Kapovitch, V. and Petrunin,
              A.},
     TITLE = {An optimal lower curvature bound for convex hypersurfaces in
              {R}iemannian manifolds},
   JOURNAL = {Illinois J. Math.},
  FJOURNAL = {Illinois Journal of Mathematics},
    VOLUME = {52},
      YEAR = {2008},
    NUMBER = {3},
     PAGES = {1031--1033},
      ISSN = {0019-2082},
   MRCLASS = {53C20 (53C23)},
  MRNUMBER = {2546022},
MRREVIEWER = {Koichi Nagano},
       URL = {http://projecteuclid.org/euclid.ijm/1254403729},
}

@book {AZ,
    AUTHOR = {Aleksandrov, A. D. and Zalgaller, V. A.},
     TITLE = {Intrinsic geometry of surfaces},
    SERIES = {Translations of Mathematical Monographs, Vol. 15},
      NOTE = {Translated from the Russian by J. M. Danskin},
 PUBLISHER = {American Mathematical Society, Providence, R.I.},
      YEAR = {1967},
     PAGES = {vi+327},
   MRCLASS = {53.75},
  MRNUMBER = {0216434},
}

@article {BGP,
    AUTHOR = {Burago, Yu. and Gromov, M. and Perelman, G.},
     TITLE = {A. {D}. {A}leksandrov spaces with curvatures bounded below},
   JOURNAL = {Russian Math. Surveys},
  FJOURNAL = {Uspekhi Matematicheskikh Nauk},
    VOLUME = {47},
      YEAR = {1992},
    NUMBER = {2(284)},
     PAGES = {1–-58},
      ISSN = {0042-1316},
   MRCLASS = {53C21 (53C23)},
  MRNUMBER = {1185284},
MRREVIEWER = {Tadeusz Januszkiewicz},
       DOI = {10.1070/RM1992v047n02ABEH000877},
       URL = {https://doi.org/10.1070/RM1992v047n02ABEH000877},
}

@incollection {BN,
    AUTHOR = {Berestovskij, V. N. and Nikolaev, I. G.},
     TITLE = {Multidimensional generalized {R}iemannian spaces},
 BOOKTITLE = {Geometry, {IV}},
    SERIES = {Encyclopaedia Math. Sci.},
    VOLUME = {70},
     PAGES = {165--243, 245--250},
 PUBLISHER = {Springer, Berlin},
      YEAR = {1993},
   MRCLASS = {53C20},
  MRNUMBER = {1263965},
       DOI = {10.1007/978-3-662-02897-1\_2},
       URL = {https://doi.org/10.1007/978-3-662-02897-1_2},
}

@misc{BNS,
      title={Boundary regularity and stability for spaces with Ricci bounded below}, 
      author={E. Bruè and A. Naber and D. Semola},
      year={2020},
      eprint={2011.08383},
      archivePrefix={arXiv},
      primaryClass={math.DG}
}

@book {federer,
    AUTHOR = {Federer, H.},
     TITLE = {Geometric measure theory},
    SERIES = {Die Grundlehren der mathematischen Wissenschaften, Band 153},
 PUBLISHER = {Springer-Verlag New York Inc., New York},
      YEAR = {1969},
     PAGES = {xiv+676},
   MRCLASS = {28.80 (26.00)},
  MRNUMBER = {0257325},
MRREVIEWER = {J. E. Brothers},
}

@article {G,
    AUTHOR = {Gigli, N.},
     TITLE = {Riemann curvature tensor on {RCD} spaces and possible
              applications},
   JOURNAL = {C. R. Math. Acad. Sci. Paris},
  FJOURNAL = {Comptes Rendus Math\'{e}matique. Acad\'{e}mie des Sciences. Paris},
    VOLUME = {357},
      YEAR = {2019},
    NUMBER = {7},
     PAGES = {613--619},
      ISSN = {1631-073X},
   MRCLASS = {53C21 (49Q20 53C23)},
  MRNUMBER = {3998287},
MRREVIEWER = {Nan Li},
       DOI = {10.1016/j.crma.2019.06.003},
       URL = {https://doi.org/10.1016/j.crma.2019.06.003},
}

@misc{G1,
      title={Nonsmooth differential geometry --- An approach tailored for spaces with Ricci curvature bounded from below}, 
      author={N. Gigli},
      year={2014},
      eprint={1407.0809},
      archivePrefix={arXiv},
      primaryClass={math.DG}
}

@article {GMS,
    AUTHOR = {Gigli, N. and Mondino, A. and Savar\'{e}, G.},
     TITLE = {Convergence of pointed non-compact metric measure spaces and
              stability of {R}icci curvature bounds and heat flows},
   JOURNAL = {Proc. Lond. Math. Soc. (3)},
  FJOURNAL = {Proceedings of the London Mathematical Society. Third Series},
    VOLUME = {111},
      YEAR = {2015},
    NUMBER = {5},
     PAGES = {1071--1129},
      ISSN = {0024-6115},
   MRCLASS = {53C23 (28A33 53C21 58J35)},
  MRNUMBER = {3477230},
       DOI = {10.1112/plms/pdv047},
       URL = {https://doi.org/10.1112/plms/pdv047},
}

@article {H,
    AUTHOR = {Han, B.},
     TITLE = {Ricci tensor on {${\rm RCD}^*(K,N)$} spaces},
   JOURNAL = {J. Geom. Anal.},
  FJOURNAL = {Journal of Geometric Analysis},
    VOLUME = {28},
      YEAR = {2018},
    NUMBER = {2},
     PAGES = {1295--1314},
      ISSN = {1050-6926},
   MRCLASS = {53C23 (30L05 31E05 49J52 51F99 53C21)},
  MRNUMBER = {3790501},
MRREVIEWER = {Fernando Galaz-Garc\'{\i}a},
       DOI = {10.1007/s12220-017-9863-7},
       URL = {https://doi.org/10.1007/s12220-017-9863-7},
}

@incollection {KapStab,
    AUTHOR = {Kapovitch, V.},
     TITLE = {Perelman's stability theorem},
 BOOKTITLE = {Surveys in differential geometry. {V}ol. {XI}},
    SERIES = {Surv. Differ. Geom.},
    VOLUME = {11},
     PAGES = {103--136},
 PUBLISHER = {Int. Press, Somerville, MA},
      YEAR = {2007},
   MRCLASS = {53C23 (53C20 53C21)},
  MRNUMBER = {2408265},
MRREVIEWER = {Yu Ding},
       DOI = {10.4310/SDG.2006.v11.n1.a5},
       URL = {https://doi.org/10.4310/SDG.2006.v11.n1.a5},
}

@book {lawson-michelsohn,
    AUTHOR = {Lawson, B. and Michelsohn, M.-L.},
     TITLE = {Spin geometry},
    SERIES = {Princeton Mathematical Series},
    VOLUME = {38},
 PUBLISHER = {Princeton University Press, Princeton, NJ},
      YEAR = {1989},
     PAGES = {xii+427},
      ISBN = {0-691-08542-0},
   MRCLASS = {53-02 (53A50 53C20 57R75 58G10)},
  MRNUMBER = {1031992},
MRREVIEWER = {N. J. Hitchin},
}

@article {li-naber,
    AUTHOR = {Li, N. and Naber, A.},
     TITLE = {Quantitative estimates on the singular sets of {A}lexandrov
              spaces},
   JOURNAL = {Peking Math. J.},
  FJOURNAL = {Peking Mathematical Journal},
    VOLUME = {3},
      YEAR = {2020},
    NUMBER = {2},
     PAGES = {203--234},
      ISSN = {2096-6075},
   MRCLASS = {53C23 (53C20 53C21)},
  MRNUMBER = {4171913},
MRREVIEWER = {Bo\.{z}ena Pi\polhk atek},
       DOI = {10.1007/s42543-020-00026-2},
       URL = {https://doi.org/10.1007/s42543-020-00026-2},
}

@article {L,
    AUTHOR = {Lott, J.},
     TITLE = {Ricci measure for some singular {R}iemannian metrics},
   JOURNAL = {Math. Ann.},
  FJOURNAL = {Mathematische Annalen},
    VOLUME = {365},
      YEAR = {2016},
    NUMBER = {1-2},
     PAGES = {449--471},
      ISSN = {0025-5831},
   MRCLASS = {53C23 (53C21)},
  MRNUMBER = {3498918},
MRREVIEWER = {Casey Lynn Kelleher},
       DOI = {10.1007/s00208-015-1288-7},
       URL = {https://doi.org/10.1007/s00208-015-1288-7},
}

@misc{Nepechiy,
      title={Toward canonical convex functions in Alexandrov spaces}, 
      author={A. Nepechiy},
      year={2019},
      eprint={1910.00253},
      archivePrefix={arXiv},
      primaryClass={math.DG}
}

@article {OS,
    AUTHOR = {Otsu, Y. and Shioya, T.},
     TITLE = {The {R}iemannian structure of {A}lexandrov spaces},
   JOURNAL = {J. Differential Geom.},
  FJOURNAL = {Journal of Differential Geometry},
    VOLUME = {39},
      YEAR = {1994},
    NUMBER = {3},
     PAGES = {629--658},
      ISSN = {0022-040X},
   MRCLASS = {53C23 (53C20)},
  MRNUMBER = {1274133},
MRREVIEWER = {Zhongmin Shen},
       URL = {http://projecteuclid.org/euclid.jdg/1214455075},
}


@article {PerMorse,
    AUTHOR = {Perelman, G.},
     TITLE = {Elements of {M}orse theory on {A}leksandrov spaces},
   JOURNAL = { St. Petersburg Math. J.},
    VOLUME = {5},
      YEAR = {1994},
    NUMBER = {1},
     PAGES = {205--213},
      ISSN = {0234-0852},
   MRCLASS = {53C23 (57N80 58E05)},
  MRNUMBER = {1220498},
MRREVIEWER = {Tadeusz Januszkiewicz},
}

@article {perelman-petrunin,
    AUTHOR = {Perelman, G. Ya. and Petrunin, A. M.},
     TITLE = {Extremal subsets in {A}leksandrov spaces and the generalized
              {L}iberman theorem},
   JOURNAL = {Algebra i Analiz},
  FJOURNAL = {Rossi\u{\i}skaya Akademiya Nauk. Algebra i Analiz},
    VOLUME = {5},
      YEAR = {1993},
    NUMBER = {1},
     PAGES = {242--256},
      ISSN = {0234-0852},
   MRCLASS = {53C23 (57N80 58E05)},
  MRNUMBER = {1220499},
MRREVIEWER = {Tadeusz Januszkiewicz},
}

@article{PerStab,
  title={Alexandrov’s spaces with curvatures bounded from below II},
  author={Perelman, G.},
  journal={preprint},
  year={1991}
}

@article{PerDC,
  title={DC structure on Alexandrov space (preliminary version)},
  author={Perelman, G.},
  journal={preprint},
  year={1994}
}

@article {petrunin-SC,
    AUTHOR = {Petrunin, A.},
     TITLE = {An upper bound for the curvature integral},
   JOURNAL = {St. Petersburg Math. J.},
    VOLUME = {20},
      YEAR = {2009},
    NUMBER = {2},
     PAGES = {255--265},
      ISSN = {0234-0852},
   MRCLASS = {53C21 (53C23)},
  MRNUMBER = {2423998},
}

@incollection {petrunin-QG,
    AUTHOR = {Petrunin, A.},
     TITLE = {Applications of quasigeodesics and gradient curves},
 BOOKTITLE = {Comparison geometry ({B}erkeley, {CA}, 1993--94)},
    SERIES = {Math. Sci. Res. Inst. Publ.},
    VOLUME = {30},
     PAGES = {203--219},
 PUBLISHER = {Cambridge Univ. Press, Cambridge},
      YEAR = {1997},
   MRCLASS = {53C23},
  MRNUMBER = {1452875},
MRREVIEWER = {Conrad Plaut},
       DOI = {10.2977/prims/1195166129},
       URL = {https://doi.org/10.2977/prims/1195166129},
}

@incollection {petrunin-conc,
    AUTHOR = {Petrunin, A.},
     TITLE = {Semiconcave functions in {A}lexandrov's geometry},
 BOOKTITLE = {Surveys in differential geometry. {V}ol. {XI}},
    SERIES = {Surv. Differ. Geom.},
    VOLUME = {11},
     PAGES = {137--201},
 PUBLISHER = {Int. Press, Somerville, MA},
      YEAR = {2007},
   MRCLASS = {53C21 (53C20 53C45 58E05)},
  MRNUMBER = {2408266},
MRREVIEWER = {Jeremy Wong},
       DOI = {10.4310/SDG.2006.v11.n1.a6},
       URL = {https://doi.org/10.4310/SDG.2006.v11.n1.a6},
}

@article {St,
    AUTHOR = {Sturm, K.-T.},
     TITLE = {Ricci tensor for diffusion operators and curvature-dimension inequalities under conformal transformations and time changes},
   JOURNAL = {J. Funct. Anal.},
  FJOURNAL = {Journal of Functional Analysis},
    VOLUME = {275},
      YEAR = {2018},
    NUMBER = {4},
     PAGES = {793--829},
      ISSN = {0022-1236},
   MRCLASS = {58J65 (31C25 53C21 60J60)},
  MRNUMBER = {3807777},
MRREVIEWER = {Nathaniel Eldredge},
       DOI = {10.1016/j.jfa.2018.03.022},
       URL = {https://doi.org/10.1016/j.jfa.2018.03.022},
}

@incollection {Resh,
    AUTHOR = {Reshetnyak, Yu. G.},
     TITLE = {Two-dimensional manifolds of bounded curvature},
 BOOKTITLE = {Geometry, {IV}},
    SERIES = {Encyclopaedia Math. Sci.},
    VOLUME = {70},
     PAGES = {3--163, 245--250},
 PUBLISHER = {Springer, Berlin},
      YEAR = {1993},
   MRCLASS = {53C20 (53C21)},
  MRNUMBER = {1263964},
       DOI = {10.1007/978-3-662-02897-1\_1},
       URL = {https://doi.org/10.1007/978-3-662-02897-1_1},
}
